@misc{search_algs,
	title="Поиск [Электронный ресурс].",
	howpublished="Режим доступа: \url{https://kvodo.ru/algorithms/search_algorithms} (дата обращения: 05.10.2024)."
}

@misc{lin_search_alg,
	title="Алгоритм линейного поиска [Электронный ресурс].",
	howpublished="Режим доступа: \url{https://kvodo.ru/lineynyiy-poisk.html} (дата обращения: 05.10.2024)."
}

@misc{bin_search_alg,
	title="Двоичный (бинарный) поиск [Электронный ресурс].",
	howpublished="Режим доступа: \url{https://kvodo.ru/dvoichnyiy-poisk-2.html} (дата обращения: 05.10.2024)."
}

@misc{rust,
	title="The Rust Programming Language [Электронный ресурс].",
	howpublished="Режим доступа: \url{https://doc.rust-lang.org/book/} (дата обращения: 05.10.2024)."
}

@misc{plotly,
	title="Бтблиотека Plotly [Электронный ресурс].",
	howpublished="Режим доступа: \url{https://docs.rs/plotly/latest/plotly/} (дата обращения: 05.10.2024)"
}

@misc{windows,
	title="Windows technical documentation for developers and IT pros [Электронный ресурс].",
	howpublished="Режим доступа: \url{https://learn.microsoft.com/en-us/windows/} (дата обращения: 05.10.2024)."
}

@misc{intel,
	title="Intel® Core™ i7-12700H Processor [Электронный ресурс].",
	howpublished="Режим доступа: \url{https://ark.intel.com/content/www/us/en/ark/products/132228/intel-core-i7-12700h-processor-24m-cache-up-to-4-70-ghz.html} (дата обращения: 05.10.2024)"
}