@misc{windows,
	title="Windows technical documentation for developers and IT pros [Электронный ресурс].",
	howpublished="Режим доступа: \url{https://learn.microsoft.com/en-us/windows/} (дата обращения: 05.10.2024)."
}

@misc{intel,
	title="Intel® Core™ i7-12700H Processor [Электронный ресурс].",
	howpublished="Режим доступа: \url{https://ark.intel.com/content/www/us/en/ark/products/132228/intel-core-i7-12700h-processor-24m-cache-up-to-4-70-ghz.html} (дата обращения: 05.10.2024)"
}

@misc{threads,
	title="Потоки и работа с ними [Электронный ресурс].",
	howpublished="Режим доступа: \url{https://learn.microsoft.com/ru-ru/dotnet/standard/threading/threads-and-threading} (дата обращения: 25.10.2024)"
}

