@article{com_info,
  title={Задача коммивояжера. Вопросы теории},
  author={Меламед, Игорь Ильич and Сергеев, С И and Сигал, Израиль Хаимович},
  journal={Автоматика и телемеханика},
  number={9},
  pages={3--33},
  year={1989},
  publisher={Российская академия наук, Отделение энергетики, машиностроения, механики и~…}
}

@article{gamelton,
  title={О числе гамильтоновых циклов в булевом кубе},
  author={Пережогин, Алексей Львович and Потапов, Владимир Николаевич},
  journal={Дискретный анализ и исследование операций},
  volume={8},
  number={2},
  pages={52--62},
  year={2001},
  publisher={Институт математики им. СЛ Соболева Сибирского отделения Российской академии~…}
}

@article{ants,
  title={Муравьиные алгоритмы},
  author={Штовба, СД},
  journal={Exponenta Pro. Математика в приложениях},
  volume={4},
  number={4},
  pages={70--75},
  year={2003}
}

@book{canaan,
  title={Ханаанцы. На земле чудес ветхозаветных},
  author={Грей, Джон},
  year={2011},
  publisher={Litres}
}

@misc{mesopotamia,
	title="Mesopotamia [Электронный ресурс].",
	howpublished="Режим доступа: \url{https://www.history.com/topics/ancient-middle-east/mesopotamia} (дата обращения: 02.12.2024)."
}

@misc{ancient_rome,
	title="Digital Atlas of the Roman Empire [Электронный ресурс].",
	howpublished="Режим доступа: \url{https://imperium.ahlfeldt.se/} (дата обращения: 02.12.2024)."
}
https://imperium.ahlfeldt.se/



@misc{rust,
	title="The Rust Programming Language [Электронный ресурс].",
	howpublished="Режим доступа: \url{https://doc.rust-lang.org/book/} (дата обращения: 05.10.2024)."
}

@misc{intel,
	title="Intel® Core™ i7-12700H Processor [Электронный ресурс].",
	howpublished="Режим доступа: \url{https://ark.intel.com/content/www/us/en/ark/products/132228/intel-core-i7-12700h-processor-24m-cache-up-to-4-70-ghz.html} (дата обращения: 05.10.2024)"
}