@misc{clang,
	title="Документация по языку С [Электронный ресурс].",
	howpublished="Режим доступа: \url{https://learn.microsoft.com/ru-ru/cpp/c-language/} (дата обращения: 01.09.2024)."
}

@misc{clock,
	title="clock(3) - Linux manual page [Электронный ресурс].",
	howpublished="Режим доступа: \url{https://man7.org/linux/man-pages/man3/clock.3.html} (дата обращения: 01.09.2024)."
}

@misc{stm,
	title="Микроконтроллер STM32F303 Discovery [Электронный ресурс].",
	howpublished="Режим доступа: \url{https://www.st.com/en/microcontrollers-microprocessors/stm32f303.html} (дата обращения: 04.10.2024)"
}

@misc{windows,
	title="Windows technical documentation for developers and IT pros [Электронный ресурс].",
	howpublished="Режим доступа: \url{https://learn.microsoft.com/en-us/windows/} (дата обращения: 06.10.2024)."
}

@misc{intel,
	title="Intel® Core™ i7-12700H Processor [Электронный ресурс].",
	howpublished="Режим доступа: \url{https://ark.intel.com/content/www/us/en/ark/products/132228/intel-core-i7-12700h-processor-24m-cache-up-to-4-70-ghz.html} (дата обращения: 07.10.2024)"
}