@misc{windows,
	title="Windows technical documentation for developers and IT pros [Электронный ресурс].",
	howpublished="Режим доступа: \url{https://microsoft.com/en-us/windows/} (дата обращения: 05.10.2024)."
}

@misc{intel,
	title="Intel® Core™ i7-12700H Processor [Электронный ресурс].",
	howpublished="Режим доступа: \url{https://ark.intel.com/content/www/us/en/ark/products/132228/intel-core-i7-12700h-processor-24m-cache-up-to-4-70-ghz.html} (дата обращения: 05.10.2024)"
}

@misc{pipline_proc,
	title="Computer Organization and Design: The Hardware/Software Interface",
    author="David A. Patterson, John L. Hennessy",
	howpublished="5th Edition — Morgan Kaufmann, 2013. — 800 p."
}
